<record xmlns="http://www.loc.gov/MARC21/slim" xmlns:xsi="http://www.w3.org/2001/XMLSchema-instance" xsi:schemaLocation="http://www.loc.gov/MARC21/slim http://www.loc.gov/standards/marcxml/schema/MARC21slim.xsd"><leader>02336nam a2200409   4500</leader><controlfield tag="001">3068407</controlfield><controlfield tag="003">NNC</controlfield><controlfield tag="006">m        d        </controlfield><controlfield tag="007">cr cn |||m|||a</controlfield><controlfield tag="008">150110s1960    iq ac   ob    000 0 arar </controlfield><datafield ind1=" " ind2=" " tag="040"><subfield code="a">NNU</subfield><subfield code="b">eng</subfield><subfield code="e">rda</subfield><subfield code="c">NNU</subfield></datafield><datafield ind1=" " ind2=" " tag="043"><subfield code="a">a-iq---</subfield></datafield><datafield ind1="0" ind2="4" tag="050"><subfield code="a">DS51.B3</subfield><subfield code="b">A62</subfield></datafield><datafield ind1="1" ind2=" " tag="100"><subfield code="6">880-01</subfield><subfield code="a">&#699;Alla&#772;f, &#699;Abd al-Kari&#772;m.</subfield></datafield><datafield ind1="1" ind2="0" tag="245"><subfield code="6">880-02</subfield><subfield code="a">Baghda&#772;d al-qadi&#772;mah :</subfield><subfield code="b">kita&#772;b mus&#803;awwar d&#803;amma s&#803;afh&#803;a&#772;t mat&#803;wi&#772;yah &#699;an al-h&#803;a&#772;lah al-ijtima&#772;&#699;i&#772;yah min &#699;ahd al-Wa&#772;li&#772; Midh&#803;at Ba&#772;sha&#772; sanat 1286 H. yuqa&#772;biluha&#772; 1869 M. ila&#769; &#699;ahd al-ih&#803;tila&#772;l al-Biri&#772;t&#803;a&#772;ni&#772; li-Baghda&#772;d sanat 1335 H. yuqa&#772;biluha&#772; 1917 M /</subfield><subfield code="c">ta&#700;li&#772;f &#699;Abd al-Kari&#772;m al-&#699;Alla&#772;f.</subfield></datafield><datafield ind1=" " ind2=" " tag="250"><subfield code="6">880-03</subfield><subfield code="a">al-T&#803;ab&#699;ah 1.</subfield></datafield><datafield ind1=" " ind2=" " tag="260"><subfield code="6">880-04</subfield><subfield code="a">Baghda&#772;d :</subfield><subfield code="b">Mat&#803;ba&#699;at al-Ma&#699;a&#772;rif,</subfield><subfield code="c">1960.</subfield></datafield><datafield ind1=" " ind2=" " tag="300"><subfield code="a">online resource (2, 260 pages) :</subfield><subfield code="b">illustrations, portraits</subfield></datafield><datafield ind1=" " ind2=" " tag="336"><subfield code="a">text</subfield><subfield code="2">rdacontent</subfield></datafield><datafield ind1=" " ind2=" " tag="337"><subfield code="a">computer</subfield><subfield code="2">rdamedia</subfield></datafield><datafield ind1=" " ind2=" " tag="338"><subfield code="a">online resource</subfield><subfield code="2">rdacarrier</subfield></datafield><datafield ind1=" " ind2=" " tag="500"><subfield code="a">Part of the Arabic Collections Online (ACO) project, contributed by Columbia University Libraries.</subfield></datafield><datafield ind1=" " ind2=" " tag="504"><subfield code="a">Includes bibliographical references (pages 250-251).</subfield></datafield><datafield ind1=" " ind2=" " tag="533"><subfield code="a">Electronic reproduction.</subfield><subfield code="b">New York, N.Y. :</subfield><subfield code="c">New York University,</subfield><subfield code="d">2015.</subfield><subfield code="5">NNU</subfield></datafield><datafield ind1=" " ind2="0" tag="651"><subfield code="a">Baghdad (Iraq)</subfield><subfield code="x">History.</subfield></datafield><datafield ind1=" " ind2="7" tag="651"><subfield code="a">Iraq</subfield><subfield code="z">Baghdad.</subfield><subfield code="2">fast</subfield><subfield code="0">(OCoLC)fst01207444</subfield></datafield><datafield ind1=" " ind2="7" tag="655"><subfield code="a">History.</subfield><subfield code="2">fast</subfield><subfield code="0">(OCoLC)fst01411628</subfield></datafield><datafield ind1="2" ind2=" " tag="710"><subfield code="a">Columbia University.</subfield><subfield code="b">Libraries.</subfield></datafield><datafield ind1="0" ind2=" " tag="730"><subfield code="a">Arabic Collections Online.</subfield></datafield><datafield ind1="0" ind2="8" tag="776"><subfield code="i">Print version:</subfield><subfield code="a">&#699;Alla&#772;f, &#699;Abd al-Kari&#772;m.</subfield><subfield code="t">Baghda&#772;d al-qadi&#772;mah</subfield><subfield code="w">(NNC)3068407</subfield><subfield code="w">(DLC)ne 65001533 </subfield><subfield code="w">(OCoLC)22592575</subfield></datafield><datafield ind1="4" ind2="0" tag="856"><subfield code="u">http://hdl.handle.net/2333.1/bg79cqjc</subfield></datafield><datafield ind1="1" ind2=" " tag="880"><subfield code="6">100-01/r</subfield><subfield code="a">&#1593;&#1604;&#1575;&#1601;&#1548; &#1593;&#1576;&#1583; &#1575;&#1604;&#1603;&#1585;&#1610;&#1605;.</subfield></datafield><datafield ind1="1" ind2="0" tag="880"><subfield code="6">245-02/r</subfield><subfield code="a">&#1576;&#1594;&#1583;&#1575;&#1583; &#1575;&#1604;&#1602;&#1583;&#1610;&#1605;&#1577; :</subfield><subfield code="b">&#1603;&#1578;&#1575;&#1576; &#1605;&#1589;&#1608;&#1585; &#1590;&#1605; &#1589;&#1601;&#1581;&#1575;&#1578; &#1605;&#1591;&#1608;&#1610;&#1577; &#1593;&#1606; &#1575;&#1604;&#1581;&#1575;&#1604;&#1577; &#1575;&#1604;&#1575;&#1580;&#1578;&#1605;&#1575;&#1593;&#1610;&#1577; &#1605;&#1606; &#1593;&#1607;&#1583; &#1575;&#1604;&#1608;&#1575;&#1604;&#1610; &#1605;&#1583;&#1581;&#1578; &#1576;&#1575;&#1588;&#1575; &#1587;&#1606;&#1577; 1286 &#1607;&#1600;. &#1610;&#1602;&#1575;&#1576;&#1604;&#1607;&#1575; 1869 &#1605;. &#1575;&#1604;&#1609; &#1593;&#1607;&#1583; &#1575;&#1604;&#1575;&#1581;&#1578;&#1604;&#1575;&#1604; &#1575;&#1604;&#1576;&#1585;&#1610;&#1591;&#1575;&#1606;&#1610; &#1604;&#1576;&#1594;&#1583;&#1575;&#1583; &#1587;&#1606;&#1577; 1335 &#1607;&#1600;. &#1610;&#1602;&#1575;&#1576;&#1604;&#1607;&#1575; 1917 &#1605; /</subfield><subfield code="c">&#1578;&#1571;&#1604;&#1610;&#1601; &#1593;&#1576;&#1583; &#1575;&#1604;&#1603;&#1585;&#1610;&#1605; &#1575;&#1604;&#1593;&#1604;&#1575;&#1601;.</subfield></datafield><datafield ind1=" " ind2=" " tag="880"><subfield code="6">250-03/r</subfield><subfield code="a">&#1575;&#1604;&#1591;&#1576;&#1593;&#1577; 1.</subfield></datafield><datafield ind1=" " ind2=" " tag="880"><subfield code="6">260-04/r</subfield><subfield code="a">&#1576;&#1594;&#1583;&#1575;&#1583; :</subfield><subfield code="b">&#1605;&#1591;&#1576;&#1593;&#1577; &#1575;&#1604;&#1605;&#1593;&#1575;&#1585;&#1601;&#1548;</subfield><subfield code="c">1960.</subfield></datafield><datafield ind1=" " ind2=" " tag="959"><subfield code="a">NNU</subfield><subfield code="b">WEB</subfield><subfield code="c">GENI</subfield><subfield code="t">0</subfield><subfield code="m">Electronic access</subfield><subfield code="s">01</subfield></datafield><datafield ind1=" " ind2=" " tag="999"><subfield code="i">NNC_3068407</subfield><subfield code="o">(OCoLC)ocm22592575 </subfield></datafield></record>